
@Article{	  au2010detection,
  title		= {Detection of splice junctions from paired-end RNA-seq data
		  by SpliceMap},
  author	= {Au, Kin Fai and Jiang, Hui and Lin, Lan and Xing, Yi and
		  Wong, Wing Hung},
  journal	= {Nucleic acids research},
  volume	= {38},
  number	= {14},
  pages		= {4570--4578},
  year		= {2010},
  publisher	= {Oxford Univ Press}
}

@Article{	  bacon1987influence,
  title		= {Influence of the major histocompatability complex on
		  disease resistance and productivity},
  author	= {BACON, LARRY D},
  journal	= {Poultry Science},
  volume	= {66},
  number	= {5},
  pages		= {802--811},
  year		= {1987},
  publisher	= {Oxford University Press}
}

@Article{	  beane2011characterizing,
  title		= {Characterizing the impact of smoking and lung cancer on
		  the airway transcriptome using RNA-Seq},
  author	= {Beane, Jennifer and Vick, Jessica and Schembri, Frank and
		  Anderlind, Christina and Gower, Adam and Campbell, Joshua
		  and Luo, Lingqi and Zhang, Xiao Hui and Xiao, Ji and
		  Alekseyev, Yuriy O and others},
  journal	= {Cancer prevention research},
  volume	= {4},
  number	= {6},
  pages		= {803--817},
  year		= {2011},
  publisher	= {AACR}
}

@Article{	  blencowe2000exonic,
  title		= {Exonic splicing enhancers: mechanism of action, diversity
		  and role in human genetic diseases},
  author	= {Blencowe, Benjamin J},
  journal	= {Trends in biochemical sciences},
  volume	= {25},
  number	= {3},
  pages		= {106--110},
  year		= {2000},
  publisher	= {Elsevier}
}

###Article{	  blencowe2000exonic,
  title		= {Exonic splicing enhancers: mechanism of action, diversity
		  and role in human genetic diseases},
  author	= {Blencowe, Benjamin J},
  journal	= {Trends in biochemical sciences},
  volume	= {25},
  number	= {3},
  pages		= {106--110},
  year		= {2000},
  publisher	= {Elsevier}
}

@InProceedings{	  briles1980identification,
  title		= {Identification of B alloalleles associated with resistance
		  to Marek's disease.},
  author	= {Briles, WE and Briles, Ruth W and McGibbon, WH and Stone,
		  HA and others},
  booktitle	= {Resistance and immunity to Marek's disease. A seminar in
		  the EEC Joint Programme of the'Mechanisms of resistance to
		  Marek's disease', held in the Reichstag, West Berlin, 31
		  October-2 November 1978.},
  pages		= {395--416},
  year		= {1980},
  organization	= {Commission of the European Communities.}
}

@Article{	  bumstead1998genomic,
  title		= {Genomic mapping of resistance to Marek's disease},
  author	= {Bumstead, Nat},
  journal	= {Avian Pathology},
  volume	= {27},
  number	= {S1},
  pages		= {S78--S81},
  year		= {1998},
  publisher	= {Taylor \& Francis}
}

###Article{	  bumstead1998genomic,
  title		= {Genomic mapping of resistance to Marek's disease},
  author	= {Bumstead, Nat},
  journal	= {Avian Pathology},
  volume	= {27},
  number	= {S1},
  pages		= {S78--S81},
  year		= {1998},
  publisher	= {Taylor \& Francis}
}

@Article{	  burt2005chicken,
  title		= {Chicken genome: current status and future opportunities},
  author	= {Burt, David W},
  journal	= {Genome research},
  volume	= {15},
  number	= {12},
  pages		= {1692--1698},
  year		= {2005},
  publisher	= {Cold Spring Harbor Lab}
}

@Article{	  collard2005introduction,
  title		= {An introduction to markers, quantitative trait loci (QTL)
		  mapping and marker-assisted selection for crop improvement:
		  the basic concepts},
  author	= {Collard, BCY and Jahufer, MZZ and Brouwer, JB and Pang,
		  ECK},
  journal	= {Euphytica},
  volume	= {142},
  number	= {1-2},
  pages		= {169--196},
  year		= {2005},
  publisher	= {Springer}
}

@Article{	  croft2011reactome,
  title		= {Reactome: a database of reactions, pathways and biological
		  processes},
  author	= {Croft, David and Oâ€™Kelly, Gavin and Wu, Guanming and
		  Haw, Robin and Gillespie, Marc and Matthews, Lisa and
		  Caudy, Michael and Garapati, Phani and Gopinath, Gopal and
		  Jassal, Bijay and others},
  journal	= {Nucleic acids research},
  volume	= {39},
  number	= {suppl 1},
  pages		= {D691--D697},
  year		= {2011},
  publisher	= {Oxford Univ Press}
}

@Article{	  desmet2009human,
  title		= {Human Splicing Finder: an online bioinformatics tool to
		  predict splicing signals},
  author	= {Desmet, Fran{\c{c}}ois-Olivier and Hamroun, Dalil and
		  Lalande, Marine and Collod-B{\'e}roud, Gwena{\"e}lle and
		  Claustres, Mireille and B{\'e}roud, Christophe},
  journal	= {Nucleic acids research},
  volume	= {37},
  number	= {9},
  pages		= {e67--e67},
  year		= {2009},
  publisher	= {Oxford Univ Press}
}

@Article{	  dustin2000immunological,
  title		= {The immunological synapse and the actin cytoskeleton:
		  molecular hardware for T cell signaling},
  author	= {Dustin, Michael L and Cooper, John A},
  journal	= {Nature immunology},
  volume	= {1},
  number	= {1},
  pages		= {23--29},
  year		= {2000},
  publisher	= {Nature Publishing Group}
}

@Article{	  flicek2013ensembl,
  title		= {Ensembl 2013},
  author	= {Flicek, Paul and Ahmed, Ikhlak and Amode, M Ridwan and
		  Barrell, Daniel and Beal, Kathryn and Brent, Simon and
		  Carvalho-Silva, Denise and Clapham, Peter and Coates, Guy
		  and Fairley, Susan and others},
  journal	= {Nucleic acids research},
  volume	= {41},
  number	= {D1},
  pages		= {D48--D55},
  year		= {2013},
  publisher	= {Oxford Univ Press}
}

@Manual{	  gg,
  title		= {org.Gg.eg.db: Genome wide annotation for Chicken},
  author	= {Marc Carlson},
  note		= {R package version 2.14.0}
}

@Article{	  gimeno2008marek,
  title		= {Marek's disease vaccines: a solution for today but a worry
		  for tomorrow?},
  author	= {Gimeno, Isabel M},
  journal	= {Vaccine},
  volume	= {26},
  pages		= {C31--C41},
  year		= {2008},
  publisher	= {Elsevier}
}

@Article{	  grabherr:2011jb,
  author	= {Grabherr, Manfred G and Haas, Brian J and Yassour, Moran
		  and Levin, Joshua Z and Thompson, Dawn A and Amit, Ido and
		  Adiconis, Xian and Fan, Lin and Raychowdhury, Raktima and
		  Zeng, Qiandong and Chen, Zehua and Mauceli, Evan and
		  Hacohen, Nir and Gnirke, Andreas and Rhind, Nicholas and di
		  Palma, Federica and Birren, Bruce W and Nusbaum, Chad and
		  Lindblad-Toh, Kerstin and Friedman, Nir and Regev, Aviv},
  title		= {{Full-length transcriptome assembly from RNA-Seq data
		  without a reference genome.}},
  journal	= {Nature biotechnology},
  year		= {2011},
  volume	= {29},
  number	= {7},
  pages		= {644--652},
  month		= jul
}

@Article{	  guttman2010ab,
  title		= {Ab initio reconstruction of cell type-specific
		  transcriptomes in mouse reveals the conserved multi-exonic
		  structure of lincRNAs},
  author	= {Guttman, Mitchell and Garber, Manuel and Levin, Joshua Z
		  and Donaghey, Julie and Robinson, James and Adiconis, Xian
		  and Fan, Lin and Koziol, Magdalena J and Gnirke, Andreas
		  and Nusbaum, Chad and others},
  journal	= {Nature biotechnology},
  volume	= {28},
  number	= {5},
  pages		= {503--510},
  year		= {2010},
  publisher	= {Nature Publishing Group}
}

@Article{	  guttman:2010io,
  author	= {Guttman, Mitchell and Garber, Manuel and Levin, Joshua Z
		  and Donaghey, Julie and Robinson, James and Adiconis, Xian
		  and Fan, Lin and Koziol, Magdalena J and Gnirke, Andreas
		  and Nusbaum, Chad and Rinn, John L and Lander, Eric S and
		  Regev, Aviv},
  title		= {{Ab initio reconstruction of cell type--specific
		  transcriptomes in mouse reveals the conserved multi-exonic
		  structure of lincRNAs}},
  journal	= {Nature biotechnology},
  year		= {2010},
  volume	= {28},
  number	= {5},
  pages		= {503--510},
  month		= may
}

@Article{	  hashimoto2011dynein,
  title		= {Dynein-driven transport of T cell receptor microclusters
		  regulates immune synapse formation and T cell activation},
  author	= {Hashimoto-Tane, Akiko and Yokosuka, Tadashi and
		  Sakata-Sogawa, Kumiko and Sakuma, Machie and Ishihara,
		  Chitose and Tokunaga, Makio and Saito, Takashi},
  journal	= {Immunity},
  volume	= {34},
  number	= {6},
  pages		= {919--931},
  year		= {2011},
  publisher	= {Elsevier}
}

@Article{	  hogenkamp2008chicken,
  title		= {Chicken lung lectin is a functional C-type lectin and
		  inhibits haemagglutination by influenza A virus},
  author	= {Hogenkamp, Astrid and Isohadouten, Najiha and Reemers,
		  Sylvia SN and Romijn, Roland A and Hemrika, Wieger and
		  White, Mitchell R and Tefsen, Boris and Vervelde, Lonneke
		  and van Eijk, Martin and Veldhuizen, Edwin JA and others},
  journal	= {Veterinary microbiology},
  volume	= {130},
  number	= {1},
  pages		= {37--46},
  year		= {2008},
  publisher	= {Elsevier}
}

@Manual{	  hs,
  title		= {org.Hs.eg.db: Genome wide annotation for Human},
  author	= {Marc Carlson},
  note		= {R package version 2.14.0}
}

@InProceedings{	  iseli1999estscan,
  title		= {ESTScan: a program for detecting, evaluating, and
		  reconstructing potential coding regions in EST sequences.},
  author	= {Iseli, Christian and Jongeneel, C Victor and Bucher,
		  Philipp},
  booktitle	= {ISMB},
  volume	= {99},
  pages		= {138--148},
  year		= {1999}
}

@Article{	  iseli:1999vd,
  author	= {Iseli, C and Jongeneel, CV and Bucher, P},
  title		= {{ESTScan: a program for detecting, evaluating, and
		  reconstructing potential coding regions in EST sequences}},
  journal	= {Proc Int Conf Intell Syst Mol Biol},
  year		= {1999}
}

@Article{	  kaiser2003differential,
  title		= {Differential cytokine responses following Marek's disease
		  virus infection of chickens differing in resistance to
		  Marek's disease},
  author	= {Kaiser, Pete and Underwood, Greg and Davison, Fred},
  journal	= {Journal of virology},
  volume	= {77},
  number	= {1},
  pages		= {762--768},
  year		= {2003},
  publisher	= {Am Soc Microbiol}
}

###Article{	  kaiser2003differential,
  title		= {Differential cytokine responses following Marek's disease
		  virus infection of chickens differing in resistance to
		  Marek's disease},
  author	= {Kaiser, Pete and Underwood, Greg and Davison, Fred},
  journal	= {Journal of virology},
  volume	= {77},
  number	= {1},
  pages		= {762--768},
  year		= {2003},
  publisher	= {Am Soc Microbiol}
}

@Article{	  kane2000assessment,
  title		= {Assessment of the sensitivity and specificity of
		  oligonucleotide (50mer) microarrays},
  author	= {Kane, Michael D and Jatkoe, Timothy A and Stumpf, Craig R
		  and Lu, Jia and Thomas, Jeffrey D and Madore, Steven J},
  journal	= {Nucleic acids research},
  volume	= {28},
  number	= {22},
  pages		= {4552--4557},
  year		= {2000},
  publisher	= {Oxford Univ Press}
}

###Article{	  kane2000assessment,
  title		= {Assessment of the sensitivity and specificity of
		  oligonucleotide (50mer) microarrays},
  author	= {Kane, Michael D and Jatkoe, Timothy A and Stumpf, Craig R
		  and Lu, Jia and Thomas, Jeffrey D and Madore, Steven J},
  journal	= {Nucleic acids research},
  volume	= {28},
  number	= {22},
  pages		= {4552--4557},
  year		= {2000},
  publisher	= {Oxford Univ Press}
}

@Article{	  katz:2010iv,
  author	= {Katz, Yarden and Wang, Eric T and Airoldi, Edoardo M and
		  Burge, Christopher B},
  title		= {{Analysis and design of RNA sequencing experiments for
		  identifying isoform regulation}},
  journal	= {Nature Publishing Group},
  year		= {2010},
  volume	= {7},
  number	= {12},
  pages		= {1009--1015},
  month		= nov
}

@Article{	  katz:2013vx,
  author	= {Katz, Yarden and Wang, Eric T and Silterra, Jacob and
		  Schwartz, Schraga and Wong, Bang and Mesirov, Jill P and
		  Airoldi, Edoardo M and Burge, Christopher B},
  title		= {{Sashimi plots: Quantitative visualization of RNA
		  sequencing read alignments}},
  journal	= {Audio and Electroacoustics Newsletter, IEEE},
  year		= {2013},
  pages		= {--},
  month		= jun
}

@Article{	  kent:2002tv,
  author	= {Kent, WJ},
  title		= {{BLAT---The BLAST-Like Alignment Tool}},
  journal	= {Genome research},
  year		= {2002}
}

###Article{	  kent:2002tv,
  author	= {Kent, WJ},
  title		= {{BLAT---The BLAST-Like Alignment Tool}},
  journal	= {Genome research},
  year		= {2002}
}

###Article{	  kent:2002tv,
  author	= {Kent, WJ},
  title		= {{BLAT---The BLAST-Like Alignment Tool}},
  journal	= {Genome research},
  year		= {2002}
}

@Article{	  kingma2006defense,
  title		= {In defense of the lung: surfactant protein A and
		  surfactant protein D},
  author	= {Kingma, Paul S and Whitsett, Jeffrey A},
  journal	= {Current opinion in pharmacology},
  volume	= {6},
  number	= {3},
  pages		= {277--283},
  year		= {2006},
  publisher	= {Elsevier}
}

@Article{	  langmead2009ultrafast,
  title		= {Ultrafast and memory-efficient alignment of short DNA
		  sequences to the human genome},
  author	= {Langmead, Ben and Trapnell, Cole and Pop, Mihai and
		  Salzberg, Steven L and others},
  journal	= {Genome Biol},
  volume	= {10},
  number	= {3},
  pages		= {R25},
  year		= {2009}
}

@Article{	  langmead:2009fv,
  author	= {Langmead, Ben and Trapnell, Cole and Pop, Mihai and
		  Salzberg, Steven L},
  title		= {{Ultrafast and memory-efficient alignment of short DNA
		  sequences to the human genome.}},
  journal	= {Genome Biology},
  year		= {2009},
  volume	= {10},
  number	= {3},
  pages		= {R25}
}

@Article{	  lee1983ontogeny,
  title		= {Ontogeny and line differences in the mitogenic response of
		  chicken lymphocytes},
  author	= {LEE, LUCY F and BACON, LARRY D},
  journal	= {Poultry science},
  volume	= {62},
  number	= {4},
  pages		= {579--584},
  year		= {1983},
  publisher	= {Oxford University Press}
}

###Article{	  lee1983ontogeny,
  title		= {Ontogeny and line differences in the mitogenic response of
		  chicken lymphocytes},
  author	= {LEE, LUCY F and BACON, LARRY D},
  journal	= {Poultry science},
  volume	= {62},
  number	= {4},
  pages		= {579--584},
  year		= {1983},
  publisher	= {Oxford University Press}
}

@Article{	  leng2013ebseq,
  title		= {EBSeq: an empirical Bayes hierarchical model for inference
		  in RNA-seq experiments},
  author	= {Leng, Ning and Dawson, John A and Thomson, James A and
		  Ruotti, Victor and Rissman, Anna I and Smits, Bart MG and
		  Haag, Jill D and Gould, Michael N and Stewart, Ron M and
		  Kendziorski, Christina},
  journal	= {Bioinformatics},
  volume	= {29},
  number	= {8},
  pages		= {1035--1043},
  year		= {2013},
  publisher	= {Oxford Univ Press}
}

@Article{	  li2009sequence,
  title		= {The sequence alignment/map format and SAMtools},
  author	= {Li, Heng and Handsaker, Bob and Wysoker, Alec and Fennell,
		  Tim and Ruan, Jue and Homer, Nils and Marth, Gabor and
		  Abecasis, Goncalo and Durbin, Richard and others},
  journal	= {Bioinformatics},
  volume	= {25},
  number	= {16},
  pages		= {2078--2079},
  year		= {2009},
  publisher	= {Oxford Univ Press}
}

@Article{	  li2011rsem,
  title		= {RSEM: accurate transcript quantification from RNA-Seq data
		  with or without a reference genome},
  author	= {Li, Bo and Dewey, Colin N},
  journal	= {BMC bioinformatics},
  volume	= {12},
  number	= {1},
  pages		= {323},
  year		= {2011},
  publisher	= {BioMed Central Ltd}
}

###Article{	  li2011rsem,
  title		= {RSEM: accurate transcript quantification from RNA-Seq data
		  with or without a reference genome},
  author	= {Li, Bo and Dewey, Colin N},
  journal	= {BMC bioinformatics},
  volume	= {12},
  number	= {1},
  pages		= {323},
  year		= {2011},
  publisher	= {BioMed Central Ltd}
}

###Article{	  li2011rsem,
  title		= {RSEM: accurate transcript quantification from RNA-Seq data
		  with or without a reference genome},
  author	= {Li, Bo and Dewey, Colin N},
  journal	= {BMC bioinformatics},
  volume	= {12},
  number	= {1},
  pages		= {323},
  year		= {2011},
  publisher	= {BioMed Central Ltd}
}

@Article{	  li2012rna,
  title		= {RNA-seq analysis of mucosal immune responses reveals
		  signatures of intestinal barrier disruption and pathogen
		  entry following \textit{Edwardsiella ictaluri} infection in
		  channel catfish \textit{Ictalurus punctatus}},
  author	= {Li, Chao and Zhang, Yu and Wang, Ruijia and Lu, Jianguo
		  and Nandi, Samiran and Mohanty, Sriprakash and Terhune,
		  Jeffery and Liu, Zhanjiang and Peatman, Eric},
  journal	= {Fish \& shellfish immunology},
  volume	= {32},
  number	= {5},
  pages		= {816--827},
  year		= {2012},
  publisher	= {Elsevier}
}

@Article{	  li:2006hr,
  author	= {Li, Weizhong and Godzik, Adam},
  title		= {{Cd-hit: a fast program for clustering and comparing large
		  sets of protein or nucleotide sequences.}},
  journal	= {Bioinformatics (Oxford, England)},
  year		= {2006},
  volume	= {22},
  number	= {13},
  pages		= {1658--1659},
  month		= jul
}

@Article{	  li:2009vz,
  author	= {Li, H and Handsaker, B and Wysoker, A and Fennell, T},
  title		= {{The Sequence Alignment/Map format and SAMtools}},
  journal	= {{\ldots}},
  year		= {2009}
}

@Article{	  liu2001growth,
  title		= {Growth hormone interacts with the Marek's disease virus
		  SORF2 protein and is associated with disease resistance in
		  chicken},
  author	= {Liu, Hsiao-Ching and Kung, Hsing-Jien and Fulton, Janet E
		  and Morgan, Robin W and Cheng, Hans H},
  journal	= {Proceedings of the National Academy of Sciences},
  volume	= {98},
  number	= {16},
  pages		= {9203--9208},
  year		= {2001},
  publisher	= {National Acad Sciences}
}

@Article{	  lopez1998alternative,
  title		= {Alternative splicing of pre-mRNA: developmental
		  consequences and mechanisms of regulation},
  author	= {Lopez, A Javier},
  journal	= {Annual review of genetics},
  volume	= {32},
  number	= {1},
  pages		= {279--305},
  year		= {1998},
  publisher	= {Annual Reviews 4139 El Camino Way, PO Box 10139, Palo
		  Alto, CA 94303-0139, USA}
}

@Article{	  lu2010function,
  title		= {Function annotation of the rice transcriptome at
		  single-nucleotide resolution by RNA-seq},
  author	= {Lu, Tingting and Lu, Guojun and Fan, Danlin and Zhu,
		  Chuanrang and Li, Wei and Zhao, Qiang and Feng, Qi and
		  Zhao, Yan and Guo, Yunli and Li, Wenjun and others},
  journal	= {Genome research},
  volume	= {20},
  number	= {9},
  pages		= {1238--1249},
  year		= {2010},
  publisher	= {Cold Spring Harbor Lab}
}

@Article{	  luo2013pathview,
  title		= {Pathview: an R/Bioconductor package for pathway-based data
		  integration and visualization},
  author	= {Luo, Weijun and Brouwer, Cory},
  journal	= {Bioinformatics},
  volume	= {29},
  number	= {14},
  pages		= {1830--1831},
  year		= {2013},
  publisher	= {Oxford Univ Press}
}

@Article{	  lynch2004consequences,
  title		= {Consequences of regulated pre-mRNA splicing in the immune
		  system},
  author	= {Lynch, Kristen W},
  journal	= {Nature Reviews Immunology},
  volume	= {4},
  number	= {12},
  pages		= {931--940},
  year		= {2004},
  publisher	= {Nature Publishing Group}
}

###Article{	  lynch2004consequences,
  title		= {Consequences of regulated pre-mRNA splicing in the immune
		  system},
  author	= {Lynch, Kristen W},
  journal	= {Nature Reviews Immunology},
  volume	= {4},
  number	= {12},
  pages		= {931--940},
  year		= {2004},
  publisher	= {Nature Publishing Group}
}

@Article{	  morgan2001induction,
  title		= {Induction of host gene expression following infection of
		  chicken embryo fibroblasts with oncogenic Marek's disease
		  virus},
  author	= {Morgan, Robin W and Sofer, Luc and Anderson, Amy S and
		  Bernberg, Erin L and Cui, Jing and Burnside, Joan},
  journal	= {Journal of virology},
  volume	= {75},
  number	= {1},
  pages		= {533--539},
  year		= {2001},
  publisher	= {Am Soc Microbiol}
}

###Article{	  morgan2001induction,
  title		= {Induction of host gene expression following infection of
		  chicken embryo fibroblasts with oncogenic Marek's disease
		  virus},
  author	= {Morgan, Robin W and Sofer, Luc and Anderson, Amy S and
		  Bernberg, Erin L and Cui, Jing and Burnside, Joan},
  journal	= {Journal of virology},
  volume	= {75},
  number	= {1},
  pages		= {533--539},
  year		= {2001},
  publisher	= {Am Soc Microbiol}
}

@Article{	  morley2004genetic,
  title		= {Genetic analysis of genome-wide variation in human gene
		  expression},
  author	= {Morley, Michael and Molony, Cliona M and Weber, Teresa M
		  and Devlin, James L and Ewens, Kathryn G and Spielman,
		  Richard S and Cheung, Vivian G},
  journal	= {Nature},
  volume	= {430},
  number	= {7001},
  pages		= {743--747},
  year		= {2004},
  publisher	= {Nature Publishing Group}
}

@Article{	  morrow2004marek,
  title		= {Marek's disease: a worldwide problem},
  author	= {Morrow, CHRIS and Fehler, FRANK},
  journal	= {Marek's disease, An Evolving Problem},
  pages		= {49--61},
  year		= {2004}
}

###Article{	  morrow2004marek,
  title		= {Marek's disease: a worldwide problem},
  author	= {Morrow, CHRIS and Fehler, FRANK},
  journal	= {Marek's disease, An Evolving Problem},
  pages		= {49--61},
  year		= {2004}
}

@Article{	  mortazavi2008mapping,
  title		= {Mapping and quantifying mammalian transcriptomes by
		  RNA-Seq},
  author	= {Mortazavi, Ali and Williams, Brian A and McCue, Kenneth
		  and Schaeffer, Lorian and Wold, Barbara},
  journal	= {Nature methods},
  volume	= {5},
  number	= {7},
  pages		= {621--628},
  year		= {2008},
  publisher	= {Nature Publishing Group}
}

###Article{	  mortazavi2008mapping,
  title		= {Mapping and quantifying mammalian transcriptomes by
		  RNA-Seq},
  author	= {Mortazavi, Ali and Williams, Brian A and McCue, Kenneth
		  and Schaeffer, Lorian and Wold, Barbara},
  journal	= {Nature methods},
  volume	= {5},
  number	= {7},
  pages		= {621--628},
  year		= {2008},
  publisher	= {Nature Publishing Group}
}

@Article{	  napoli1996biochemical,
  title		= {Biochemical pathways of retinoid transport, metabolism,
		  and signal transduction},
  author	= {Napoli, Joseph L},
  journal	= {Clinical immunology and immunopathology},
  volume	= {80},
  number	= {3},
  pages		= {S52--S62},
  year		= {1996},
  publisher	= {Elsevier}
}

@Article{	  nielsen2009role,
  title		= {The role of podocalyxin in health and disease},
  author	= {Nielsen, Julie S and McNagny, Kelly M},
  journal	= {Journal of the American Society of Nephrology},
  volume	= {20},
  number	= {8},
  pages		= {1669--1676},
  year		= {2009},
  publisher	= {Am Soc Nephrol}
}

@Article{	  niikura:2007fq,
  author	= {Niikura, Masahiro and Kim, Taejoong and Hunt, Henry D and
		  Burnside, Joan and Morgan, Robin W and Dodgson, Jerry B and
		  Cheng, Hans H},
  title		= {{Marek's disease virus up-regulates major
		  histocompatibility complex class II cell surface expression
		  in infected cells}},
  journal	= {Virology},
  year		= {2007},
  volume	= {359},
  number	= {1},
  pages		= {212--219},
  month		= mar
}

@Article{	  otto2010new,
  title		= {New insights into the blood-stage transcriptome of
		  Plasmodium falciparum using RNA-Seq},
  author	= {Otto, Thomas D and Wilinski, Daniel and Assefa, Sammy and
		  Keane, Thomas M and Sarry, Louis R and B{\"o}hme, Ulrike
		  and Lemieux, Jacob and Barrell, Bart and Pain, Arnab and
		  Berriman, Matthew and others},
  journal	= {Molecular microbiology},
  volume	= {76},
  number	= {1},
  pages		= {12--24},
  year		= {2010},
  publisher	= {Wiley Online Library}
}

@Article{	  pan2008deep,
  title		= {Deep surveying of alternative splicing complexity in the
		  human transcriptome by high-throughput sequencing},
  author	= {Pan, Qun and Shai, Ofer and Lee, Leo J and Frey, Brendan J
		  and Blencowe, Benjamin J},
  journal	= {Nature genetics},
  volume	= {40},
  number	= {12},
  pages		= {1413--1415},
  year		= {2008},
  publisher	= {Nature Publishing Group}
}

@Article{	  pazderka1975histocompatibility,
  title		= {Histocompatibility of chicken populations selected for
		  resistance to Marek's disease},
  author	= {Pazderka, Feldzgeritta and Longenecker, Bryan M and Law,
		  George RJ and Stone, Howard A and Ruth, Royal F},
  journal	= {Immunogenetics},
  volume	= {2},
  number	= {1},
  pages		= {93--100},
  year		= {1975},
  publisher	= {Springer}
}

@Article{	  pickrell2010understanding,
  title		= {Understanding mechanisms underlying human gene expression
		  variation with RNA sequencing},
  author	= {Pickrell, Joseph K and Marioni, John C and Pai, Athma A
		  and Degner, Jacob F and Engelhardt, Barbara E and Nkadori,
		  Everlyne and Veyrieras, Jean-Baptiste and Stephens, Matthew
		  and Gilad, Yoav and Pritchard, Jonathan K},
  journal	= {Nature},
  volume	= {464},
  number	= {7289},
  pages		= {768--772},
  year		= {2010},
  publisher	= {Nature Publishing Group}
}

@Article{	  pickrell:2010gt,
  author	= {Pickrell, Joseph K and Pai, Athma A and Gilad, Yoav and
		  Pritchard, Jonathan K},
  title		= {{Noisy splicing drives mRNA isoform diversity in human
		  cells.}},
  journal	= {PLoS Genet},
  year		= {2010},
  volume	= {6},
  number	= {12},
  pages		= {e1001236}
}

@Article{	  powell1982mechanism,
  title		= {The mechanism of genetic resistance to Marek's disease in
		  chickens},
  author	= {Powell, PC and Mustill, Brenda M and Rennie, M and Lee,
		  Lucy F},
  journal	= {International Journal of Cancer},
  volume	= {29},
  number	= {2},
  pages		= {169--174},
  year		= {1982},
  publisher	= {Wiley Online Library}
}

@Article{	  quevillon2005interproscan,
  title		= {InterProScan: protein domains identifier},
  author	= {Quevillon, Emmanuel and Silventoinen, Ville and Pillai,
		  Sharmila and Harte, Nicola and Mulder, N and Apweiler, Rolf
		  and Lopez, Rodrigo},
  journal	= {Nucleic acids research},
  volume	= {33},
  number	= {suppl 2},
  pages		= {W116--W120},
  year		= {2005},
  publisher	= {Oxford Univ Press}
}

@Article{	  raghavachari2012systematic,
  title		= {A systematic comparison and evaluation of high density
		  exon arrays and RNA-seq technology used to unravel the
		  peripheral blood transcriptome of sickle cell disease},
  author	= {Raghavachari, Nalini and Barb, Jennifer and Yang, Yanqin
		  and Liu, Poching and Woodhouse, Kimberly and Levy, Daniel
		  and Christopher, JOâ€˜Donnell and Munson, Peter J and Kato,
		  Gregory J},
  journal	= {BMC medical genomics},
  volume	= {5},
  number	= {1},
  pages		= {28},
  year		= {2012},
  publisher	= {BioMed Central Ltd}
}

@Article{	  roberts2011identification,
  title		= {Identification of novel transcripts in annotated genomes
		  using RNA-Seq},
  author	= {Roberts, Adam and Pimentel, Harold and Trapnell, Cole and
		  Pachter, Lior},
  journal	= {Bioinformatics},
  volume	= {27},
  number	= {17},
  pages		= {2325--2329},
  year		= {2011},
  publisher	= {Oxford Univ Press}
}

@Article{	  robertson:2010ih,
  author	= {Robertson, Gordon and Schein, Jacqueline and Chiu, Readman
		  and Corbett, Richard and Field, Matthew and Jackman, Shaun
		  D and Mungall, Karen and Lee, Sam and Okada, Hisanaga Mark
		  and Qian, Jenny Q and Griffith, Malachi and Raymond,
		  Anthony and Thiessen, Nina and Cezard, Timothee and
		  Butterfield, Yaron S and Newsome, Richard and Chan, Simon K
		  and She, Rong and Varhol, Richard and Kamoh, Baljit and
		  Prabhu, Anna-Liisa and Tam, Angela and Zhao, YongJun and
		  Moore, Richard A and Hirst, Martin and Marra, Marco A and
		  Jones, Steven J M and Hoodless, Pamela A and Birol, Inanc},
  title		= {{De novo assembly and analysis of RNA-seq data}},
  journal	= {Nature methods},
  year		= {2010},
  volume	= {7},
  number	= {11},
  pages		= {909--912},
  month		= oct
}

@Article{	  sarson2008transcriptional,
  title		= {Transcriptional analysis of host responses to Marekâ€™s
		  disease virus infection in genetically resistant and
		  susceptible chickens},
  author	= {Sarson, AJ and Parvizi, P and Lepp, D and Quinton, M and
		  Sharif, S},
  journal	= {Animal genetics},
  volume	= {39},
  number	= {3},
  pages		= {232--240},
  year		= {2008},
  publisher	= {Wiley Online Library}
}

###Article{	  sarson2008transcriptional,
  title		= {Transcriptional analysis of host responses to Marekâ€™s
		  disease virus infection in genetically resistant and
		  susceptible chickens},
  author	= {Sarson, AJ and Parvizi, P and Lepp, D and Quinton, M and
		  Sharif, S},
  journal	= {Animal genetics},
  volume	= {39},
  number	= {3},
  pages		= {232--240},
  year		= {2008},
  publisher	= {Wiley Online Library}
}

@Article{	  scharffetter1998spontaneous,
  title		= {Spontaneous skin ulceration and defective T cell function
		  in CD18 null mice},
  author	= {Scharffetter-Kochanek, Karin and Lu, Huifang and Norman,
		  Keith and Van Nood, Nicole and Munoz, Flor and Grabbe,
		  Stephan and McArthur, Mark and Lorenzo, Isabel and Kaplan,
		  Sheldon and Ley, Klaus and others},
  journal	= {The Journal of experimental medicine},
  volume	= {188},
  number	= {1},
  pages		= {119--131},
  year		= {1998},
  publisher	= {Rockefeller Univ Press}
}

@Article{	  schmits1996lfa,
  title		= {LFA-1-deficient mice show normal CTL responses to virus
		  but fail to reject immunogenic tumor.},
  author	= {Schmits, Rudolf and K{\"u}ndig, TM and Baker, Dianne M and
		  Shumaker, Grace and Simard, JJ and Duncan, Gordon and
		  Wakeham, Andrew and Shahinian, Arda and Van Der Heiden,
		  Annette and Bachmann, Martin F and others},
  journal	= {The Journal of experimental medicine},
  volume	= {183},
  number	= {4},
  pages		= {1415--1426},
  year		= {1996},
  publisher	= {Rockefeller Univ Press}
}

@Article{	  schulz:2012je,
  author	= {Schulz, Marcel H and Zerbino, Daniel R and Vingron, Martin
		  and Birney, Ewan},
  title		= {{Oases: Robust de novo RNA-seq assembly across the dynamic
		  range of expression levels.}},
  journal	= {Bioinformatics (Oxford, England)},
  year		= {2012},
  month		= feb
}

###Article{	  schulz:2012je,
  author	= {Schulz, Marcel H and Zerbino, Daniel R and Vingron, Martin
		  and Birney, Ewan},
  title		= {{Oases: Robust de novo RNA-seq assembly across the dynamic
		  range of expression levels.}},
  journal	= {Bioinformatics (Oxford, England)},
  year		= {2012},
  month		= feb
}

###Article{	  schulz:2012je,
  author	= {Schulz, Marcel H and Zerbino, Daniel R and Vingron, Martin
		  and Birney, Ewan},
  title		= {{Oases: Robust de novo RNA-seq assembly across the dynamic
		  range of expression levels.}},
  journal	= {Bioinformatics (Oxford, England)},
  year		= {2012},
  month		= feb
}

@Article{	  simpson:2009iv,
  author	= {Simpson, Jared T and Wong, Kim and Jackman, Shaun D and
		  Schein, Jacqueline E and Jones, Steven J M and Birol,
		  Inanc},
  title		= {{ABySS: a parallel assembler for short read sequence
		  data.}},
  journal	= {Genome research},
  year		= {2009},
  volume	= {19},
  number	= {6},
  pages		= {1117--1123},
  month		= jun
}

@Article{	  smeds2011condetri,
  title		= {ConDeTri-a content dependent read trimmer for Illumina
		  data},
  author	= {Smeds, Linn{\'e}a and K{\"u}nstner, Axel},
  journal	= {PloS one},
  volume	= {6},
  number	= {10},
  pages		= {e26314},
  year		= {2011},
  publisher	= {Public Library of Science}
}

###Article{	  smeds2011condetri,
  title		= {ConDeTri-a content dependent read trimmer for Illumina
		  data},
  author	= {Smeds, Linn{\'e}a and K{\"u}nstner, Axel},
  journal	= {PloS one},
  volume	= {6},
  number	= {10},
  pages		= {e26314},
  year		= {2011},
  publisher	= {Public Library of Science}
}

@Article{	  smith2011systems,
  title		= {Systems analysis of immune responses in Marek's disease
		  virus-infected chickens identifies a gene involved in
		  susceptibility and highlights a possible novel
		  pathogenicity mechanism},
  author	= {Smith, Jacqueline and Sadeyen, Jean-Remy and Paton, Ian R
		  and Hocking, Paul M and Salmon, Nigel and Fife, Mark and
		  Nair, Venugopal and Burt, David W and Kaiser, Pete},
  journal	= {Journal of virology},
  volume	= {85},
  number	= {21},
  pages		= {11146--11158},
  year		= {2011},
  publisher	= {Am Soc Microbiol}
}

###Article{	  smith2011systems,
  title		= {Systems analysis of immune responses in Marek's disease
		  virus-infected chickens identifies a gene involved in
		  susceptibility and highlights a possible novel
		  pathogenicity mechanism},
  author	= {Smith, Jacqueline and Sadeyen, Jean-Remy and Paton, Ian R
		  and Hocking, Paul M and Salmon, Nigel and Fife, Mark and
		  Nair, Venugopal and Burt, David W and Kaiser, Pete},
  journal	= {Journal of virology},
  volume	= {85},
  number	= {21},
  pages		= {11146--11158},
  year		= {2011},
  publisher	= {Am Soc Microbiol}
}

###Article{	  smith2011systems,
  title		= {Systems analysis of immune responses in Marek's disease
		  virus-infected chickens identifies a gene involved in
		  susceptibility and highlights a possible novel
		  pathogenicity mechanism},
  author	= {Smith, Jacqueline and Sadeyen, Jean-Remy and Paton, Ian R
		  and Hocking, Paul M and Salmon, Nigel and Fife, Mark and
		  Nair, Venugopal and Burt, David W and Kaiser, Pete},
  journal	= {Journal of virology},
  volume	= {85},
  number	= {21},
  pages		= {11146--11158},
  year		= {2011},
  publisher	= {Am Soc Microbiol}
}

@Article{	  somasiri2004overexpression,
  title		= {Overexpression of the anti-adhesin podocalyxin is an
		  independent predictor of breast cancer progression},
  author	= {Somasiri, Aruna and Nielsen, Julie S and Makretsov, Nikita
		  and McCoy, Marcia L and Prentice, Leah and Gilks, C Blake
		  and Chia, Stephen K and Gelmon, Karen A and Kershaw, David
		  B and Huntsman, David G and others},
  journal	= {Cancer research},
  volume	= {64},
  number	= {15},
  pages		= {5068--5073},
  year		= {2004},
  publisher	= {AACR}
}

@Article{	  springer1987lymphocyte,
  title		= {The lymphocyte function associated LFA-1, CD2, and LFA-3
		  molecules: cell adhesion receptors of the immune system},
  author	= {Springer, Timothy A and Dustin, Michael L and Kishimoto,
		  Takashi K and Marlin, Steven D},
  journal	= {Annual review of immunology},
  volume	= {5},
  number	= {1},
  pages		= {223--252},
  year		= {1987},
  publisher	= {Annual Reviews 4139 El Camino Way, PO Box 10139, Palo
		  Alto, CA 94303-0139, USA}
}

@Article{	  tang2013lkb1,
  title		= {LKB1 tumor suppressor and salt-inducible kinases
		  negatively regulate human T-cell leukemia virus type 1
		  transcription},
  author	= {Tang, Hei-Man Vincent and Gao, Wei-Wei and Chan,
		  Ching-Ping and Siu, Yeung-Tung and Wong, Chi-Ming and Kok,
		  Kin-Hang and Ching, Yick-Pang and Takemori, Hiroshi and
		  Jin, Dong-Yan},
  journal	= {Retrovirology},
  volume	= {10},
  number	= {1},
  pages		= {40},
  year		= {2013},
  publisher	= {BioMed Central Ltd}
}

@Article{	  tatusova:1999tz,
  author	= {Tatusova, TA},
  title		= {{BLAST 2 Sequences, a new tool for comparing protein and
		  nucleotide sequences - Tatusova - 2006 - FEMS Microbiology
		  Letters - Wiley Online Library}},
  journal	= {FEMS microbiology letters},
  year		= {1999}
}

###Article{	  tatusova:1999tz,
  author	= {Tatusova, TA},
  title		= {{BLAST 2 Sequences, a new tool for comparing protein and
		  nucleotide sequences - Tatusova - 2006 - FEMS Microbiology
		  Letters - Wiley Online Library}},
  journal	= {FEMS microbiology letters},
  year		= {1999}
}

@Article{	  trapnell2009tophat,
  title		= {TopHat: discovering splice junctions with RNA-Seq},
  author	= {Trapnell, Cole and Pachter, Lior and Salzberg, Steven L},
  journal	= {Bioinformatics},
  volume	= {25},
  number	= {9},
  pages		= {1105--1111},
  year		= {2009},
  publisher	= {Oxford Univ Press}
}

@Article{	  trapnell2010transcript,
  title		= {Transcript assembly and quantification by RNA-Seq reveals
		  unannotated transcripts and isoform switching during cell
		  differentiation},
  author	= {Trapnell, Cole and Williams, Brian A and Pertea, Geo and
		  Mortazavi, Ali and Kwan, Gordon and van Baren, Marijke J
		  and Salzberg, Steven L and Wold, Barbara J and Pachter,
		  Lior},
  journal	= {Nature biotechnology},
  volume	= {28},
  number	= {5},
  pages		= {511--515},
  year		= {2010},
  publisher	= {Nature Publishing Group}
}

@Article{	  trapnell2012differential,
  title		= {Differential gene and transcript expression analysis of
		  RNA-seq experiments with TopHat and Cufflinks},
  author	= {Trapnell, Cole and Roberts, Adam and Goff, Loyal and
		  Pertea, Geo and Kim, Daehwan and Kelley, David R and
		  Pimentel, Harold and Salzberg, Steven L and Rinn, John L
		  and Pachter, Lior},
  journal	= {Nature protocols},
  volume	= {7},
  number	= {3},
  pages		= {562--578},
  year		= {2012},
  publisher	= {Nature Publishing Group}
}

@Article{	  trapnell2013differential,
  title		= {Differential analysis of gene regulation at transcript
		  resolution with RNA-seq},
  author	= {Trapnell, Cole and Hendrickson, David G and Sauvageau,
		  Martin and Goff, Loyal and Rinn, John L and Pachter, Lior},
  journal	= {Nature biotechnology},
  volume	= {31},
  number	= {1},
  pages		= {46--53},
  year		= {2013},
  publisher	= {Nature Publishing Group}
}

@Article{	  trapnell:2009dp,
  author	= {Trapnell, C and Pachter, L and Salzberg, S L},
  title		= {{TopHat: discovering splice junctions with RNA-Seq}},
  journal	= {Bioinformatics (Oxford, England)},
  year		= {2009},
  volume	= {25},
  number	= {9},
  pages		= {1105--1111},
  month		= apr
}

###Article{	  trapnell:2009dp,
  author	= {Trapnell, C and Pachter, L and Salzberg, S L},
  title		= {{TopHat: discovering splice junctions with RNA-Seq}},
  journal	= {Bioinformatics (Oxford, England)},
  year		= {2009},
  volume	= {25},
  number	= {9},
  pages		= {1105--1111},
  month		= apr
}

###Article{	  trapnell:2009dp,
  author	= {Trapnell, C and Pachter, L and Salzberg, S L},
  title		= {{TopHat: discovering splice junctions with RNA-Seq}},
  journal	= {Bioinformatics (Oxford, England)},
  year		= {2009},
  volume	= {25},
  number	= {9},
  pages		= {1105--1111},
  month		= apr
}

@Article{	  trapnell:2010kd,
  author	= {Trapnell, Cole and Williams, Brian A and Pertea, Geo and
		  Mortazavi, Ali and Kwan, Gordon and van Baren, Marijke J
		  and Salzberg, Steven L and Wold, Barbara J and Pachter,
		  Lior},
  title		= {{Transcript assembly and quantification by RNA-Seq reveals
		  unannotated transcripts and isoform switching during cell
		  differentiation.}},
  journal	= {Nature biotechnology},
  year		= {2010},
  volume	= {28},
  number	= {5},
  pages		= {511--515},
  month		= may
}

###Article{	  trapnell:2010kd,
  author	= {Trapnell, Cole and Williams, Brian A and Pertea, Geo and
		  Mortazavi, Ali and Kwan, Gordon and van Baren, Marijke J
		  and Salzberg, Steven L and Wold, Barbara J and Pachter,
		  Lior},
  title		= {{Transcript assembly and quantification by RNA-Seq reveals
		  unannotated transcripts and isoform switching during cell
		  differentiation.}},
  journal	= {Nature biotechnology},
  year		= {2010},
  volume	= {28},
  number	= {5},
  pages		= {511--515},
  month		= may
}

###Article{	  trapnell:2010kd,
  author	= {Trapnell, Cole and Williams, Brian A and Pertea, Geo and
		  Mortazavi, Ali and Kwan, Gordon and van Baren, Marijke J
		  and Salzberg, Steven L and Wold, Barbara J and Pachter,
		  Lior},
  title		= {{Transcript assembly and quantification by RNA-Seq reveals
		  unannotated transcripts and isoform switching during cell
		  differentiation.}},
  journal	= {Nature biotechnology},
  year		= {2010},
  volume	= {28},
  number	= {5},
  pages		= {511--515},
  month		= may
}

@Article{	  vallejo1998genetic,
  title		= {Genetic mapping of quantitative trait loci affecting
		  susceptibility to Marek's disease virus induced tumors in
		  F2 intercross chickens},
  author	= {Vallejo, Roger L and Bacon, Larry D and Liu, Hsiao-Ching
		  and Witter, Richard L and Groenen, Martien AM and Hillel,
		  Jossi and Cheng, Hans H},
  journal	= {Genetics},
  volume	= {148},
  number	= {1},
  pages		= {349--360},
  year		= {1998},
  publisher	= {Genetics Soc America}
}

@Article{	  van1994extracellular,
  title		= {Extracellular Ca2+ modulates leukocyte function-associated
		  antigen-1 cell surface distribution on T lymphocytes and
		  consequently affects cell adhesion},
  author	= {Van Kooyk, Yvette and Weder, Pauline and Heije, Kees and
		  Figdor, Carl G},
  journal	= {The Journal of cell biology},
  volume	= {124},
  number	= {6},
  pages		= {1061--1070},
  year		= {1994},
  publisher	= {Rockefeller univ press}
}

@Article{	  van2000avidity,
  title		= {Avidity regulation of integrins: the driving force in
		  leukocyte adhesion},
  author	= {van Kooyk, Yvette and Figdor, Carl G},
  journal	= {Current opinion in cell biology},
  volume	= {12},
  number	= {5},
  pages		= {542--547},
  year		= {2000},
  publisher	= {Elsevier}
}

@Article{	  wang2007splicing,
  title		= {Splicing in disease: disruption of the splicing code and
		  the decoding machinery},
  author	= {Wang, Guey-Shin and Cooper, Thomas A},
  journal	= {Nature Reviews Genetics},
  volume	= {8},
  number	= {10},
  pages		= {749--761},
  year		= {2007},
  publisher	= {Nature Publishing Group}
}

###Article{	  wang2007splicing,
  title		= {Splicing in disease: disruption of the splicing code and
		  the decoding machinery},
  author	= {Wang, Guey-Shin and Cooper, Thomas A},
  journal	= {Nature Reviews Genetics},
  volume	= {8},
  number	= {10},
  pages		= {749--761},
  year		= {2007},
  publisher	= {Nature Publishing Group}
}

@InProceedings{	  wang2010immunopathologies,
  title		= {Immunopathologies linked to integrin signalling},
  author	= {Wang, Hongyan and Lim, Daina and Rudd, Christopher E},
  booktitle	= {Seminars in immunopathology},
  volume	= {32},
  pages		= {173--182},
  year		= {2010},
  organization	= {Springer}
}

@Article{	  wang2010mapsplice,
  title		= {MapSplice: accurate mapping of RNA-seq reads for splice
		  junction discovery},
  author	= {Wang, Kai and Singh, Darshan and Zeng, Zheng and Coleman,
		  Stephen J and Huang, Yan and Savich, Gleb L and He, Xiaping
		  and Mieczkowski, Piotr and Grimm, Sara A and Perou, Charles
		  M and others},
  journal	= {Nucleic acids research},
  pages		= {gkq622},
  year		= {2010},
  publisher	= {Oxford Univ Press}
}

@Article{	  wang:2008ea,
  author	= {Wang, Eric T and Sandberg, Rickard and Luo, Shujun and
		  Khrebtukova, Irina and Zhang, Lu and Mayr, Christine and
		  Kingsmore, Stephen F and Schroth, Gary P and Burge,
		  Christopher B},
  title		= {{Alternative isoform regulation in human tissue
		  transcriptomes}},
  journal	= {Nature},
  year		= {2008},
  volume	= {456},
  number	= {7221},
  pages		= {470--476},
  month		= nov
}

@Article{	  wang:2011jq,
  author	= {Wang, Likun and Wang, Xiaowo and Wang, Xi and Liang,
		  Yanchun and Zhang, Xuegong},
  title		= {{Observations on novel splice junctions from RNA
		  sequencing data.}},
  journal	= {Biochemical and biophysical research communications},
  year		= {2011},
  volume	= {409},
  number	= {2},
  pages		= {299--303},
  month		= jun
}

@Article{	  wannemacher1977key,
  title		= {Key role of various individual amino acids in host
		  response to infection.},
  author	= {Wannemacher, RW},
  journal	= {The American journal of clinical nutrition},
  volume	= {30},
  number	= {8},
  pages		= {1269--1280},
  year		= {1977},
  publisher	= {Am Soc Nutrition}
}

@Article{	  werbajh2000rac,
  title		= {RAC-3 is a NF-$\kappa$B coactivator},
  author	= {Werbajh, Santiago and Nojek, Ignacio and Lanz, Rainer and
		  Costas, M{\'o}nica A},
  journal	= {FEBS letters},
  volume	= {485},
  number	= {2},
  pages		= {195--199},
  year		= {2000},
  publisher	= {Elsevier}
}

@Article{	  witke2004role,
  title		= {The role of profilin complexes in cell motility and other
		  cellular processes},
  author	= {Witke, Walter},
  journal	= {Trends in cell biology},
  volume	= {14},
  number	= {8},
  pages		= {461--469},
  year		= {2004},
  publisher	= {Elsevier}
}

@Article{	  witter1998control,
  title		= {Control strategies for Marek's disease: a perspective for
		  the future.},
  author	= {Witter, RL},
  journal	= {Poultry science},
  volume	= {77},
  number	= {8},
  pages		= {1197--1203},
  year		= {1998}
}

@Article{	  wu2010fast,
  title		= {Fast and SNP-tolerant detection of complex variants and
		  splicing in short reads},
  author	= {Wu, Thomas D and Nacu, Serban},
  journal	= {Bioinformatics},
  volume	= {26},
  number	= {7},
  pages		= {873--881},
  year		= {2010},
  publisher	= {Oxford Univ Press}
}

@Article{	  yonash1999high,
  title		= {High resolution mapping and identification of new
		  quantitative trait loci (QTL) affecting susceptibility to
		  Marekâ€™s disease},
  author	= {Yonash, Nissim and Bacon, LD and Witter, RL and Cheng,
		  HH},
  journal	= {Animal genetics},
  volume	= {30},
  number	= {2},
  pages		= {126--135},
  year		= {1999},
  publisher	= {Wiley Online Library}
}

###Article{	  yonash1999high,
  title		= {High resolution mapping and identification of new
		  quantitative trait loci (QTL) affecting susceptibility to
		  Marekâ€™s disease},
  author	= {Yonash, Nissim and Bacon, LD and Witter, RL and Cheng,
		  HH},
  journal	= {Animal genetics},
  volume	= {30},
  number	= {2},
  pages		= {126--135},
  year		= {1999},
  publisher	= {Wiley Online Library}
}

@Article{	  young1999cautiously,
  title		= {A cautiously optimistic vision for marker-assisted
		  breeding},
  author	= {Young, Nevin Dale},
  journal	= {Molecular breeding},
  volume	= {5},
  number	= {6},
  pages		= {505--510},
  year		= {1999},
  publisher	= {Springer}
}

@Article{	  young2010method,
  title		= {Method Gene ontology analysis for RNA-seq: accounting for
		  selection bias},
  author	= {Young, Matthew D and Wakefield, Matthew J and Smyth,
		  Gordon K and Oshlack, Alicia},
  journal	= {PMC free article][PubMed]},
  year		= {2010}
}

###Article{	  young2010method,
  title		= {Method Gene ontology analysis for RNA-seq: accounting for
		  selection bias},
  author	= {Young, Matthew D and Wakefield, Matthew J and Smyth,
		  Gordon K and Oshlack, Alicia},
  journal	= {PMC free article][PubMed]},
  year		= {2010}
}

###Article{	  young2010method,
  title		= {Method Gene ontology analysis for RNA-seq: accounting for
		  selection bias},
  author	= {Young, Matthew D and Wakefield, Matthew J and Smyth,
		  Gordon K and Oshlack, Alicia},
  journal	= {PMC free article][PubMed]},
  year		= {2010}
}

@Article{	  zerbino:2008vu,
  author	= {Zerbino, DR},
  title		= {{Velvet: Algorithms for de novo short read assembly using
		  de Bruijn graphs}},
  journal	= {Genome research},
  year		= {2008}
}

###Article{	  zerbino:2008vu,
  author	= {Zerbino, DR},
  title		= {{Velvet: Algorithms for de novo short read assembly using
		  de Bruijn graphs}},
  journal	= {Genome research},
  year		= {2008}
}

###Article{	  zerbino:2008vu,
  author	= {Zerbino, DR},
  title		= {{Velvet: Algorithms for de novo short read assembly using
		  de Bruijn graphs}},
  journal	= {Genome research},
  year		= {2008}
}

@Article{	  zerbino:2009jp,
  author	= {Zerbino, Daniel R and McEwen, Gayle K and Margulies,
		  Elliott H and Birney, Ewan},
  title		= {{Pebble and rock band: heuristic resolution of repeats and
		  scaffolding in the velvet short-read de novo assembler}},
  journal	= {PloS one},
  year		= {2009},
  volume	= {4},
  number	= {12},
  pages		= {e8407},
  month		= jan
}

@Article{	  zhang2013isoform,
  title		= {Isoform level expression profiles provide better cancer
		  signatures than gene level expression profiles},
  author	= {Zhang, ZhongFa and Pal, Sharmistha and Bi, Yingtao and
		  Tchou, Julia and Davuluri, Ramana V},
  journal	= {Genome medicine},
  volume	= {5},
  number	= {4},
  pages		= {33},
  year		= {2013},
  publisher	= {BioMed Central Ltd}
}

###Article{	  zhang2013isoform,
  title		= {Isoform level expression profiles provide better cancer
		  signatures than gene level expression profiles},
  author	= {Zhang, ZhongFa and Pal, Sharmistha and Bi, Yingtao and
		  Tchou, Julia and Davuluri, Ramana V},
  journal	= {Genome medicine},
  volume	= {5},
  number	= {4},
  pages		= {33},
  year		= {2013},
  publisher	= {BioMed Central Ltd}
}

@ONLINE{pysam,
    title = {A Python module for manipulating Samfiles:
    http://github.com/pysam-developers/pysam},
    author = {Pysam}
}


@ONLINE{seqclean,
    title = {A script for automated trimming and validation of ESTs or
    other DNA sequences by screening for various contaminants, low quality and
        low complexity sequences:
        http://compbio.dfci.harvard.edu/tgi/software/},
    author = {SeqClean}
}

@ONLINE{bcftools,
    title = {http://samtools.github.io/bcftools/},
    author = {BCFTools}
}
@ONLINE{gimme:Online,
    author = {Preeyanon, Likit},
    title = {Gimme: A lightweight reference-guided transcripts
        assembler: http://github.com/likit/gimme},
}
